@misc{oduglobal:history,
  author       = {Old Dominion University Global},
  title        = {{A History of Our Experience in Online and Distance Learning}},
  year         = {2020},
  howpublished = {\url{https://online.odu.edu/about-us/our-experience}},
}

@ARTICLE{585174,
  author={Maly, K. and Abdel-Wahab, H. and Overstreet, C.M. and Wild, J.C. and Gupta, A.K. and Youssef, A. and Stoica, E. and Al-Shaer, E.S.},
  journal={IEEE Internet Computing}, 
  title={Interactive distance learning over intranets}, 
  year={1997},
  volume={1},
  number={1},
  pages={60-71},
  doi={10.1109/4236.585174}
}

@misc{google:aiineducation,
  author       = {Google},
  title        = {{The Future of Education}},
  year         = {2022},
  howpublished = {\url{https://edu.google.com/intl/ALL_us/future-of-education/}},
}

@misc{harvard:education,
  author       = {Harvard Graduate School of Education},
  title        = {{What the Future of Education Looks Like from Here}},
  year         = {2020},
  howpublished = {\url{https://www.gse.harvard.edu/ideas/askwith-education-forum/20/12/what-future-education-looks-here}},
}

@misc{un:education,
  author       = {United Nations},
  title        = {{The future of education is here}},
  year         = {2022},
  howpublished = {\url{https://www.un.org/en/coronavirus/future-education-here}},
}

@misc{gh:glance,
  author       = {Old Dominion University Department of Engineering Management and Systems Engineering},
  title        = {{Glance User Interface}},
  year         = {2021},
  howpublished = {\url{https://github.com/odu-emse/Glance-Frontend}}
}